%YAML 1.1
%TAG !u! tag:unity3d.com,2011:
--- !u!1001 &100100000
Prefab:
  m_ObjectHideFlags: 1
  serializedVersion: 2
  m_Modification:
    m_TransformParent: {fileID: 0}
    m_Modifications: []
    m_RemovedComponents: []
  m_ParentPrefab: {fileID: 0}
  m_RootGameObject: {fileID: 1000010807513986}
  m_IsPrefabParent: 1
--- !u!1 &1000010807513986
GameObject:
  m_ObjectHideFlags: 0
  m_PrefabParentObject: {fileID: 0}
  m_PrefabInternal: {fileID: 100100000}
  serializedVersion: 4
  m_Component:
  - 4: {fileID: 4000013678470004}
  - 114: {fileID: 114000012803233904}
  - 114: {fileID: 114000010057683162}
  - 114: {fileID: 114000011099379378}
  - 114: {fileID: 114000012784408846}
  m_Layer: 0
  m_Name: Enemy Spawner
  m_TagString: Enemy Spawner
  m_Icon: {fileID: -4738709637730668739, guid: 0000000000000000d000000000000000, type: 0}
  m_NavMeshLayer: 0
  m_StaticEditorFlags: 0
  m_IsActive: 1
--- !u!4 &4000013678470004
Transform:
  m_ObjectHideFlags: 1
  m_PrefabParentObject: {fileID: 0}
  m_PrefabInternal: {fileID: 100100000}
  m_GameObject: {fileID: 1000010807513986}
  m_LocalRotation: {x: -0, y: -0, z: -0, w: 1}
  m_LocalPosition: {x: -3, y: 0, z: 4}
  m_LocalScale: {x: 1, y: 1, z: 1}
  m_LocalEulerAnglesHint: {x: 0, y: 0, z: 0}
  m_Children: []
  m_Father: {fileID: 0}
  m_RootOrder: 0
--- !u!114 &114000010057683162
MonoBehaviour:
  m_ObjectHideFlags: 1
  m_PrefabParentObject: {fileID: 0}
  m_PrefabInternal: {fileID: 100100000}
  m_GameObject: {fileID: 1000010807513986}
  m_Enabled: 1
  m_EditorHideFlags: 0
  m_Script: {fileID: 11500000, guid: 16a17ef5142e7ed43b129d2eb9fa9f10, type: 3}
  m_Name: 
  m_EditorClassIdentifier: 
--- !u!114 &114000011099379378
MonoBehaviour:
  m_ObjectHideFlags: 1
  m_PrefabParentObject: {fileID: 0}
  m_PrefabInternal: {fileID: 100100000}
  m_GameObject: {fileID: 1000010807513986}
  m_Enabled: 1
  m_EditorHideFlags: 0
  m_Script: {fileID: 11500000, guid: ee1bf7165cf11e847a08592a7569c9ec, type: 3}
  m_Name: 
  m_EditorClassIdentifier: 
  drawRadius: 0.2
  bezierSteps: 10
--- !u!114 &114000012784408846
MonoBehaviour:
  m_ObjectHideFlags: 1
  m_PrefabParentObject: {fileID: 0}
  m_PrefabInternal: {fileID: 100100000}
  m_GameObject: {fileID: 1000010807513986}
  m_Enabled: 1
  m_EditorHideFlags: 0
  m_Script: {fileID: 11500000, guid: 8024f9ec2f2b11041964c6f7c2fd5089, type: 3}
  m_Name: 
  m_EditorClassIdentifier: 
  waypointType: 0
  moveType: 2
  facing: 0
  numEffects: 0
  moveData:
    startPos: {fileID: 1000010807513986}
    endPos: {fileID: 1000010807513986}
    curvePoint: {fileID: 0}
    moveDelay: 0
    moveTime: 5
    totalMoveTime: 5
  faceData:
    numFocusPoints: 0
    focusPoints: []
    faceDelay: 0
    panTimes: []
    faceTimes: []
    returnTime: 0
    totalFaceTime: 0
  effectsData: []
--- !u!114 &114000012803233904
MonoBehaviour:
  m_ObjectHideFlags: 1
  m_PrefabParentObject: {fileID: 0}
  m_PrefabInternal: {fileID: 100100000}
  m_GameObject: {fileID: 1000010807513986}
  m_Enabled: 1
  m_EditorHideFlags: 0
  m_Script: {fileID: 11500000, guid: 2e45fde6895d6cd4cb13c60cd00e112e, type: 3}
  m_Name: 
  m_EditorClassIdentifier: 
  enemy: {fileID: 1000011831268938, guid: 2b880856fdeeabb4088af53f986c6fa1, type: 2}
  enemyName: Jimmeh
  aggroRadius: 5
  enemyHealth: 100
  enemyProjectile: {fileID: 1000012492285654, guid: caf79dad0fc8be24ab8eb4118b4cc146,
    type: 2}
  enemyDamage: 10
  enemyProjectileForce: 500
  initialShotTime: 1
  cooldownTime: 1.5
  enemyResistance: 0
  enemyWeakness: 0
  enemyFacesPlayer: 1
  enemyAttacksPlayer: 1
  enemyBehaviour: 0
  enemyWaypoints:
  - {fileID: 1000010807513986}
  numWaypoints: 0
